@misc{ritchie_electricity,
  author = {Ritchie, Hannah},
  publisher = {Our World in Data},
  title = {Electricity Mix},
  url = {https://ourworldindata.org/electricity-mix},
  urldate = {2021-03-27},
  organization = {Our World in Data}
}