@misc{meteoblue_2021_weather,
  author = {Meteoblue},
  month = {07},
  title = {Weather History Download Addis Ababa},
  url = {https://www.meteoblue.com/en/weather/archive/export/addis-ababa_ethiopia_344979},
  urldate = {2021-07-20},
  year = {2021},
  organization = {meteoblue}
}