@misc{climate,
  title = {Climate & Weather Averages in Nairobi, Kenya},
  url = {https://www.timeanddate.com/weather/kenya/nairobi/climate},
  urldate = {2021-07-19},
  organization = {www.timeanddate.com}
}