@misc{publicsafetydataportal_2021_bicycle,
  author = {Public Safety Data Portal},
  month = {03},
  title = {Bicycle Thefts},
  url = {https://data.torontopolice.on.ca/datasets/bicycle-thefts/explore},
  urldate = {2021-07-19},
  year = {2021},
  organization = {data.torontopolice.on.ca}
}