@misc{debold_2015_battling,
  author = {DeBold, Tynan},
  month = {02},
  title = {Battling Infectious Diseases in the 20th Century: The Impact of Vaccines},
  url = {http://graphics.wsj.com/infectious-diseases-and-vaccines/},
  urldate = {2021-07-19},
  year = {2015},
  organization = {WSJ}
}