@misc{canniford_2020_animal,
  author = {Canniford, Will},
  title = {Animal bites analysis},
  url = {https://www.kaggle.com/willcanniford/animal-bites-analysis},
  urldate = {2021-05-18},
  year = {2020},
  organization = {kaggle.com}
}