@misc{helliwell_2019_world,
  author = {  Helliwell,  John F. Helliwell and Layard, Richard  and Sachs, Jeffrey D. },
  title = {World Happiness Report 2019},
  url = {https://worldhappiness.report/ed/2019/},
  urldate = {2021-05-18},
  year = {2019},
  organization = {Worldhappiness.report}
}

@book{helliwell_2021_ieee,
  author = { Helliwell, John F.},
  publisher = {New York, Usa Ieee},
  title = {IEEE Draft Model Process for Addressing Ethical Concerns During System Design},
  year = {2021}
}

@misc{theeconomist_2019_economic,
  author = {The Economist},
  month = {03},
  title = {Economic growth does not guarantee rising happiness},
  url = {https://www.economist.com/graphic-detail/2019/03/21/economic-growth-does-not-guarantee-rising-happiness},
  urldate = {2021-05-18},
  year = {2019},
  organization = {The Economist}
}