@misc{ourworldindata_world,
  author = {Our World in Data},
  title = {World citizens living under different political regimes},
  url = {https://ourworldindata.org/grapher/world-pop-by-political-regime?country=~OWID_WRL},
  urldate = {2021-07-19},
  organization = {Our World in Data}
}