@misc{jeroen_2000_giantpandaglobalcom,
  author = {Jeroen, Jacobs},
  month = {10},
  title = {GiantPandaGlobal.com},
  url = {https://www.giantpandaglobal.com/},
  year = {2000},
  organization = {GiantPandaGlobal.com}
}

@misc{shijia_2020_tableau,
  author = { Shijia, Wendy},
  month = {12},
  title = {Tableau Public},
  url = {https://public.tableau.com/profile/wendy.shijia#},
  urldate = {2021-03-23},
  year = {2020},
  organization = {public.tableau.com}
}