@misc{theeconomist_2021_the,
  author = {The Economist},
  month = {01},
  title = {The Big Mac index},
  url = {https://www.economist.com/big-mac-index},
  urldate = {2021-01-12},
  year = {2021},
  organization = {The Economist}
}