@misc{theeconomist_2018_which,
  author = {The Economist},
  month = {11},
  title = {Which countries are most likely to fight wars?},
  url = {https://www.economist.com/graphic-detail/2018/11/08/which-countries-are-most-likely-to-fight-wars},
  year = {2018},
  organization = {The Economist}
}

@misc{prime_2018_theeconomistgraphicdetaildata,
  author = {Prime, Futura},
  month = {11},
  title = {TheEconomist/graphic-detail-data},
  url = {https://github.com/TheEconomist/graphic-detail-data/tree/master/data/2018-11-03-war-fighting},
  urldate = {2021-07-19},
  year = {2018},
  organization = {GitHub}
}