@misc{reuters_2019_new,
  author = {Reuters},
  month = {06},
  title = {New Space},
  url = {https://graphics.reuters.com/SPACE-EXPLORATION-NEW-SPACE/0100B03R062/index.html},
  urldate = {2021-07-19},
  year = {2019},
  organization = {Reuters}
}