@misc{wikipedia_2021_diamond,
  author = {Wikipedia},
  month = {04},
  title = {Diamond clarity},
  url = {https://en.wikipedia.org/wiki/Diamond_clarity},
  urldate = {2021-06-05},
  year = {2021},
  organization = {Wikipedia}
}