@misc{bridgetoprosperity_2018_bridges,
  author = {Bridge to Prosperity},
  title = {Bridges to Prosperity: The global leader in rural infrastructure development},
  url = {https://www.bridgestoprosperity.org/},
  urldate = {2021-04-13},
  year = {2018},
  organization = {Bridges to Prosperity}
}

@misc{drole_2020_tableau,
  author = {Drole, Samo },
  month = {01},
  title = {Tableau Public},
  url = {https://public.tableau.com/profile/samodrole#},
  year = {2020},
  organization = {public.tableau.com}
}