@misc{kaggle_2019_fifa,
  author = {Kaggle},
  title = {FIFA World Cup},
  url = {https://www.kaggle.com/abecklas/fifa-world-cup},
  urldate = {2021-06-08},
  year = {2019},
  organization = {kaggle.com}
}