@misc{googletrends_google,
  author = {Google Trends},
  title = {Google Trends},
  url = {https://trends.google.com/trends/explore?date=today%201-m&q=Data%20Science},
  urldate = {2021-05-28},
  organization = {Google Trends}
}