@misc{roser_2013_financing,
  author = {Roser, Max and Ortiz-Ospina, Esteban},
  title = {Financing Education},
  url = {https://ourworldindata.org/financing-education},
  urldate = {2021-06-02},
  year = {2013},
  organization = {Our World in Data}
}