@misc{wikipedia_2021_linguistic,
  author = {Wikipedia},
  month = {01},
  title = {Linguistic diversity index},
  url = {https://en.wikipedia.org/wiki/Linguistic_diversity_index},
  urldate = {2021-07-19},
  year = {2021},
  organization = {Wikipedia}
}

@misc{shkolnik_2017_language,
  author = {Shkolnik, Dmitry },
  month = {10},
  title = {Language Diversity in Canada},
  url = {https://www.dshkol.com/2017/language-diversity-in-canada/},
  urldate = {2021-07-20},
  year = {2017},
  organization = {Dmitry Shkolnik}
}