@misc{boeingcurrentmarketoutlook_2016_current,
  author = {Boeing Current Market Outlook},
  title = {Current Market Outlook 2016-2035},
  url = {https://www.boeing.com/resources/boeingdotcom/commercial/about-our-market/assets/downloads/cmo_print_2016_final_updated.pdf},
  urldate = {2021-02-02},
  year = {2016},
  organization = {Boeing CMO}
}