@misc{usdepartmentofagriculture_2013_fooddata,
  author = {U.S. DEPARTMENT OF AGRICULTURE},
  title = {FoodData Central},
  url = {https://fdc.nal.usda.gov/download-datasets.html},
  urldate = {2021-06-11},
  year = {2013},
  organization = {Usda.gov}
}