@misc{wikipediacontributors_2019_list,
  author = {Wikipedia Contributors},
  month = {12},
  publisher = {Wikimedia Foundation},
  title = {List of cities by sunshine duration},
  url = {https://en.wikipedia.org/wiki/List_of_cities_by_sunshine_duration},
  urldate = {2021-07-26},
  year = {2019},
  organization = {Wikipedia}
}