@misc{mock_2020_rfordatasciencetidytuesday,
  author = {Mock , Thomas },
  month = {02},
  title = {rfordatascience/tidytuesday},
  url = {https://github.com/rfordatascience/tidytuesday/blob/master/data/2020/2020-02-18/readme.md},
  urldate = {2021-07-19},
  year = {2020},
  organization = {GitHub}
}

@misc{ritchie_2020_you,
  author = {Ritchie, Hannah},
  month = {01},
  title = {You want to reduce the carbon footprint of your food? Focus on what you eat, not whether your food is local},
  url = {https://ourworldindata.org/food-choice-vs-eating-local},
  year = {2020},
  organization = {Our World in Data}
}