@misc{gapminder_2016_gd004,
  author = {GapMinder},
  title = {GD004},
  url = {https://www.gapminder.org/data/documentation/gd004/},
  urldate = {2021-06-08},
  year = {2016},
  organization = {Gapminder.org}
}

@misc{gapminder_gd003,
  author = {GapMinder},
  title = {GD003},
  url = {https://www.gapminder.org/data/documentation/gd003/},
  urldate = {2021-06-08},
  organization = {GapMinder}
}