@book{waldfogel_2019_dining,
  author = {Waldfogel, Joel and National Bureau Of Economic Research},
  publisher = {National Bureau Of Economic Research},
  title = {Dining out as cultural trade},
  year = {2019}
}

@misc{theeconomist_2019_which,
  author = {The Economist},
  month = {08},
  title = {Which countries dominate the worldâ€™s dinner tables?},
  url = {https://www.economist.com/graphic-detail/2019/08/23/which-countries-dominate-the-worlds-dinner-tables},
  urldate = {2021-02-15},
  year = {2019},
  organization = {The Economist}
}