
@article{435202,
      author = {Mangueira, Joaquim Augusto Belo Barroso},
      url = {http://digitallibrary.un.org/record/435202},
      recid = {435202},
      address = {2000-12-01},
}
