@misc{sipri_2005_sipri,
  author = {Sipri},
  title = {SIPRI Fact Sheet},
  url = {https://reliefweb.int/sites/reliefweb.int/files/resources/fs_2003_at_2019.pdf},
  urldate = {2021-02-19},
  year = {2005}
}