@misc{unionofconcernedscientists_2005_ucs,
  author = {Union of ConcernedScientists},
  month = {12},
  title = {UCS Satellite Database},
  url = {https://www.ucsusa.org/resources/satellite-database},
  urldate = {2021-05-25},
  year = {2005},
  organization = {Union of Concerned Scientists}
}