@misc{a112ukrainenewsone_2019_ukrainian,
  author = {112 Ukraine NewsOne},
  month = {08},
  title = {Ukrainian Parliament of the 9th convocation starts working},
  url = {https://112.international/video/ukrainian-parliament-of-the-9th-convocation-starts-working-1284-1284.html},
  urldate = {2021-06-22},
  year = {2019},
  organization = {112.international}
}

@misc{datavizstory_2020_a,
  author = {DataVizStory},
  month = {11},
  title = {A Parliament Diagram in R},
  url = {https://datavizstory.com/a-parliament-diagram-in-r/},
  urldate = {2021-06-22},
  year = {2020},
  organization = {DataVizStory}
}