@misc{gapminder_2011_how,
  author = {GapMinder},
  title = {How Does Income Relate to Life Expectancy?},
  url = {https://www.gapminder.org/answers/how-does-income-relate-to-life-expectancy/},
  urldate = {2021-06-11},
  year = {2011},
  organization = {Gapminder.org}
}