@misc{unitednations_world,
  author = {United Nations},
  title = {World Population Policy - United Nations Population Division | Department of Economic and Social Affairs},
  url = {https://www.un.org/en/development/desa/population/publications/policy/international-migration-policies-report-2013.asp},
  urldate = {2021-06-22},
  organization = {www.un.org}
}

@misc{iomunmigration_2015_world,
  author = {IOM UN Migration},
  month = {08},
  title = {World Migration Report 2015},
  url = {https://www.iom.int/world-migration-report-2015},
  urldate = {2021-06-22},
  year = {2015},
  organization = {International Organization for Migration}
}

@misc{migrationpolicygroup_2014_migration,
  author = {Migration Policy Group},
  title = {MIGRATION POLICY GROUP},
  url = {https://www.migpolgroup.com/_old/wp-content/uploads/2015/06/MPG_AR_2013-2014_fin.pdf},
  urldate = {2021-07-27},
  year = {2014}
}