@misc{thenobelprize_2018_nobelprizeorg,
  author = {The Nobel Prize},
  title = {NobelPrize.org},
  url = {https://www.nobelprize.org/},
  urldate = {2021-02-24},
  year = {2018},
  organization = {NobelPrize.org}
}