@misc{ourworldindata_maternal,
  author = {Our World in Data},
  title = {Maternal Mortality Ratio},
  url = {https://ourworldindata.org/grapher/maternal-mortality-slope-chart?time=1990..latest&country=ARG~BOL~BRA~ECU~GUY~URY~VEN~PRY~PER~SUR~CHL~COL},
  urldate = {2021-07-19},
  organization = {Our World in Data}
}