@misc{hurt_2015_coal,
  author = {Hurt, Alyson},
  month = {09},
  title = {Coal, Gas, Nuclear, Hydro? How Your State Generates Power},
  url = {https://www.npr.org/2015/09/10/319535020/coal-gas-nuclear-hydro-how-your-state-generates-power},
  urldate = {2021-07-19},
  year = {2015},
  organization = {NPR.org}
}