@misc{wikipedia_2021_old,
  author = {Wikipedia},
  month = {01},
  title = {Old Faithful},
  url = {https://en.wikipedia.org/wiki/Old_Faithful#External_links},
  urldate = {2021-02-04},
  year = {2021},
  organization = {Wikipedia}
}