@misc{unitednations_2019_united,
  author = {United Nations},
  title = {UNITED NATIONS MEMBER STATES | Meetings Coverage and Press Releases},
  url = {https://www.un.org/press/en/2006/org1469.doc.htm},
  urldate = {2021-02-13},
  year = {2019},
  organization = {Un.org}
}