@misc{ortizospina_2013_child,
  author = {Ortiz-Ospina, Esteban and Roser, Max},
  title = {Child Labor},
  url = {https://ourworldindata.org/child-labor},
  urldate = {2021-02-24},
  year = {2013},
  organization = {Our World in Data}
}