@misc{wikimedia_datanuclear,
  author = {Wikimedia},
  title = {Data:Nuclear Weapons Testing - Oklahoma Geological Survey Observatory (OWID 121).tab - Wikimedia Commons},
  url = {https://commons.wikimedia.org/wiki/Data:Nuclear_Weapons_Testing_-_Oklahoma_Geological_Survey_Observatory_(OWID_121).tab},
  urldate = {2021-07-19},
  organization = {commons.wikimedia.org}
}

@misc{roser_2013_nuclear,
  author = {Roser, Max and Nagdy, Mohamed},
  title = {Nuclear Weapons},
  url = {https://ourworldindata.org/nuclear-weapons},
  urldate = {2021-07-19},
  year = {2013},
  organization = {Our World in Data}
}