@misc{theworldbank_2010_exports,
  author = {The World Bank},
  title = {Exports of goods and services (% of GDP) | Data},
  url = {https://data.worldbank.org/indicator/ne.exp.gnfs.zs},
  urldate = {2021-07-19},
  year = {2010},
  organization = {Worldbank.org}
}

@misc{a2018_world,
  title = {World | Trade Summary  |  WITS | Data},
  url = {https://wits.worldbank.org/CountryProfile/en/Country/WLD/Year/LTST/Summary},
  urldate = {2021-07-19},
  year = {2018},
  organization = {Worldbank.org}
}