@article{guibourg_2019_climate,
  author = {Guibourg, Clara and Briggs, Helen},
  month = {02},
  title = {Climate change: Which vegan milk is best?},
  url = {https://www.bbc.com/news/science-environment-46654042},
  urldate = {2021-06-02},
  year = {2019},
  organization = {BBC News},
  journal = {BBC News}
}