@misc{osmi_research,
  author = {OSMI},
  title = {Research :: Open Sourcing Mental Illness - Changing how we talk about mental health in the tech community - Stronger Than Fear},
  url = {https://osmihelp.org/research},
  urldate = {2021-02-24},
  organization = {osmihelp.org}
}