@misc{unicef_sdg,
  author = {UNICEF},
  title = {SDG Goal 6: Clean Water and Sanitation},
  url = {https://data.unicef.org/sdgs/goal-6-clean-water-sanitation/#:~:text=Goal%206%20aims%20to%20ensure%20availability%20and%20sustainable},
  urldate = {2021-03-18},
  organization = {UNICEF DATA}
}

@misc{vargas_2020_access,
  author = {Vargas, Tamas},
  month = {07},
  publisher = {Tableau Public},
  title = {Access to Water and Sanitation},
  url = {https://public.tableau.com/profile/tam.s.varga#},
  year = {2020},
  organization = {public.tableau.com}
}