@misc{https://doi.org/10.15468/dl.u98zvg,
  doi = {10.15468/DL.U98ZVG},
  url = {https://www.gbif.org/occurrence/download/0039846-210914110416597},
  author = {{Occdownload Gbif.Org}},
  keywords = {GBIF, biodiversity, species occurrences},
  title = {Occurrence Download},
  publisher = {The Global Biodiversity Information Facility},
  year = {2021},
  copyright = {Creative Commons Attribution Non Commercial 4.0 International}
}
