@misc{missingmigrants_2001_missing,
  author = {MissingMigrants},
  month = {06},
  title = {Missing Migrants Project},
  url = {https://missingmigrants.iom.int/},
  urldate = {2021-06-08},
  year = {2001},
  organization = {Iom.int}
}