@misc{ghanaweb_state,
  author = {GhanaWeb},
  title = {State of the Nation Address, Biography},
  url = {https://www.ghanaweb.com/person/State-of-the-Nation-Address-3208},
  urldate = {2021-06-05},
  organization = {www.ghanaweb.com}
}

@misc{ghanaimmigrationservice_state,
  author = {Ghana Immigration Service},
  title = {State of the Nation Address (SONA 2021) â€“ Ghana Immigration Service},
  url = {https://home.gis.gov.gh/2021/03/12/state-of-the-nation-address-sona-2021/},
  urldate = {2021-06-05},
  organization = {State of the Nation Address (SONA 2021)}
}

@misc{ghanareview_president,
  author = {Ghana Review},
  title = {President Kufuor on state of the Nation},
  url = {http://www.ghanareview.com/int/statenation.html},
  urldate = {2021-06-05},
  organization = {www.ghanareview.com}
}

@misc{ghanaweb_kufuor,
  author = {GhanaWeb},
  title = {Kufuor delivers final State of the Nation address},
  url = {https://www.ghanaweb.com/GhanaHomePage/NewsArchive/Kufuor-delivers-final-State-of-the-Nation-address-139241},
  urldate = {2021-06-05},
  organization = {GhanaWeb}
}