@misc{roser_2018_energy,
  author = {Roser, Max and Ritchie, Hannah },
  month = {07},
  title = {Energy Production and Consumption},
  url = {https://ourworldindata.org/energy-production-consumption},
  urldate = {2021-07-19},
  year = {2018},
  organization = {Our World in Data}
}