@misc{unwomen_2019_sdgs,
  author = {UN Women},
  month = {09},
  title = {SDGs under review in 2019: What progress for women? | UN Women Data Hub},
  url = {https://data.unwomen.org/features/sdgs-under-review-2019-what-progress-women},
  urldate = {2021-02-02},
  year = {2019},
  organization = {data.unwomen.org}
}