@misc{unwomen_2019_progress,
  author = {UN Women},
  title = {Progress of the worldâ€™s women | Digital library},
  url = {https://www.unwomen.org/en/digital-library/progress-of-the-worlds-women},
  urldate = {2021-06-11},
  year = {2019},
  organization = {UN Women}
}