@misc{murray_2019_week,
  author = {Murray, Eva},
  month = {06},
  title = {Week 26: Alcohol Consumption by Country | Makeover Monday},
  url = {https://www.makeovermonday.co.uk/week-26-2019/},
  urldate = {2021-03-02},
  year = {2019},
  organization = {MakeoverMonday}
}

@misc{worldhealthorganization_2020_gho,
  author = {World Health Organization},
  month = {05},
  title = {GHO | Global Health Observatory Data Repository (European Region) | Recorded alcohol per capita consumption, from 2010 - Updated May 2020},
  url = {https://apps.who.int/gho/data/node.main-euro.A1039?lang=en&showonly=GISAH},
  urldate = {2021-03-25},
  year = {2020},
  organization = {WHO}
}