@misc{theeconomist_2019_are,
  author = {The Economist},
  month = {07},
  title = {Are extraterrestrials extra patriotic?},
  url = {https://www.economist.com/graphic-detail/2019/07/04/are-extraterrestrials-extra-patriotic},
  urldate = {2021-07-19},
  year = {2019},
  organization = {The Economist}
}

@misc{descriptiondescriptiondescriptiondescriptiondescriptiondescriptiondescriptiondescriptiondescriptiondescriptiondescriptiondescriptiondescriptiondescriptiondescriptiondescriptiondescriptiondescriptiondescriptiondescriptiondescriptiondescriptiondescriptiondescriptiondescriptiondescriptiondescriptiondescriptiondescriptiondescriptiondescriptiondescriptiondescriptiondescriptiondescriptiondescriptioncnuforcwwwnuforcgifthenationaluforeportingcenter_national,
  author = { Description: Description: Description: Description: Description: Description: Description: Description: Description: Description: Description: Description: Description: Description: Description: Description: Description: Description: Description: Description: Description: Description: Description: Description: Description: Description: Description: Description: Description: Description: Description: Description: Description: Description: Description: Description: C:\NUFORC\www\nuforc.gifTHE NATIONAL UFO REPORTING CENTER},
  title = {National UFO Reporting Center},
  url = {http://www.nuforc.org/index.html},
  urldate = {2021-07-19},
  organization = {www.nuforc.org}
}