@article{abel_2018_estimates,
  author = {Abel, Guy J.},
  month = {08},
  pages = {809-852},
  title = {Estimates of Global Bilateral Migration Flows by Gender between 1960 and 20151},
  doi = {10.1111/imre.12327},
  urldate = {2021-08-03},
  volume = {52},
  year = {2018},
  journal = {International Migration Review}
}