@article{bbcnews_2020_bbc,
  author = {BBC News},
  month = {11},
  title = {BBC 100 Women 2020: Who is on the list this year?},
  url = {https://www.bbc.com/news/world-55042935},
  urldate = {2021-06-10},
  year = {2020},
  organization = {BBC News},
  journal = {BBC News}
}

@misc{githubrfordatascience_2020_rfordatasciencetidytuesday,
  author = {GitHub RForDataScience},
  month = {12},
  title = {rfordatascience/tidytuesday},
  url = {https://github.com/rfordatascience/tidytuesday/blob/master/data/2020/2020-12-08/readme.md},
  urldate = {2021-06-10},
  year = {2020},
  organization = {GitHub}
}