@book{waldfogel_2019_dining,
  author = {Waldfogel, Joel and National Bureau Of Economic Research},
  publisher = {National Bureau Of Economic Research},
  title = {Dining out as cultural trade},
  year = {2019}
}

@misc{gmbh_2019_which,
  author = {GmbH, Datawrapper},
  month = {09},
  title = {Which milk has the smallest impact on the planet?},
  url = {https://blog.datawrapper.de/cow-milk-and-vegan-milk-alternatives/},
  year = {2019},
  organization = {Chartable}
}

@misc{theeconomist_2018_spain,
  author = {The Economist},
  month = {06},
  title = {Spain now has the most female cabinet in Europe},
  url = {https://www.economist.com/graphic-detail/2018/06/08/spain-now-has-the-most-female-cabinet-in-europe},
  year = {2018},
  organization = {The Economist}
}

@misc{peltiertechexcelchartsandprogrammingblog_2009_antibiotic,
  author = {Peltier Tech Excel Charts and Programming Blog},
  month = {01},
  title = {Antibiotic Effectiveness Charting - Revisited - Peltier Tech Blog},
  url = {https://peltiertech.com/antibiotic-effectiveness-charting-revisited/},
  year = {2009},
  organization = {Peltier Tech Blog}
}

@misc{_2017_child,
  author = {, UNICEF},
  title = {Child marriage - UNICEF DATA},
  url = {https://data.unicef.org/topic/child-protection/child-marriage/},
  year = {2017},
  organization = {UNICEF DATA}
}

@misc{theeconomist_2018_britain,
  author = {The Economist},
  month = {05},
  title = {Britain cuts the maximum stake for fixed-odds betting terminals},
  url = {https://www.economist.com/graphic-detail/2018/05/17/britain-cuts-the-maximum-stake-for-fixed-odds-betting-terminals},
  urldate = {2021-02-02},
  year = {2018},
  organization = {The Economist}
}

@misc{unwomen_2019_sdgs,
  author = {UN Women},
  month = {09},
  title = {SDGs under review in 2019: What progress for women? | UN Women Data Hub},
  url = {https://data.unwomen.org/features/sdgs-under-review-2019-what-progress-women},
  urldate = {2021-02-02},
  year = {2019},
  organization = {data.unwomen.org}
}