@misc{bansal_netflix,
  author = {Bansal, Shivan},
  title = {Netflix Movies and TV Shows},
  url = {https://www.kaggle.com/shivamb/netflix-shows},
  urldate = {2021-05-28},
  organization = {kaggle.com}
}

@misc{flixable_2010_list,
  author = {Flixable},
  title = {List of Movies and TV Shows on Netflix | Flixable},
  url = {https://flixable.com/},
  urldate = {2021-05-28},
  year = {2010},
  organization = {Flixable.com}
}