@misc{internationallabourorganization_2018_ilostat,
  author = {International Labour Organization},
  title = {ILOSTAT},
  url = {https://ilostat.ilo.org/},
  urldate = {2021-05-28},
  year = {2018},
  organization = {ILOSTAT}
}