@misc{sendaiframework_2019_desinventar,
  author = {SENDAI FRAMEWORK},
  title = {DesInventar - Profile},
  url = {https://www.desinventar.net/DesInventar/country_profile.jsp?countrycode=eth&lang=EN#more_info},
  urldate = {2021-10-12},
  year = {2019},
  organization = {www.desinventar.net}
}