@book{waldfogel_2019_dining,
  author = {Waldfogel, Joel and National Bureau Of Economic Research},
  publisher = {National Bureau Of Economic Research},
  title = {Dining out as cultural trade},
  year = {2019}
}

@misc{gmbh_2019_which,
  author = {GmbH, Datawrapper},
  month = {09},
  title = {Which milk has the smallest impact on the planet?},
  url = {https://blog.datawrapper.de/cow-milk-and-vegan-milk-alternatives/},
  year = {2019},
  organization = {Chartable}
}

@misc{theeconomist_2018_spain,
  author = {The Economist},
  month = {06},
  title = {Spain now has the most female cabinet in Europe},
  url = {https://www.economist.com/graphic-detail/2018/06/08/spain-now-has-the-most-female-cabinet-in-europe},
  year = {2018},
  organization = {The Economist}
}

@misc{peltiertechexcelchartsandprogrammingblog_2009_antibiotic,
  author = {Peltier Tech Excel Charts and Programming Blog},
  month = {01},
  title = {Antibiotic Effectiveness Charting - Revisited - Peltier Tech Blog},
  url = {https://peltiertech.com/antibiotic-effectiveness-charting-revisited/},
  year = {2009},
  organization = {Peltier Tech Blog}
}

@misc{_2017_child,
  author = {, UNICEF},
  title = {Child marriage - UNICEF DATA},
  url = {https://data.unicef.org/topic/child-protection/child-marriage/},
  year = {2017},
  organization = {UNICEF DATA}
}

@misc{theeconomist_2018_britain,
  author = {The Economist},
  month = {05},
  title = {Britain cuts the maximum stake for fixed-odds betting terminals},
  url = {https://www.economist.com/graphic-detail/2018/05/17/britain-cuts-the-maximum-stake-for-fixed-odds-betting-terminals},
  urldate = {2021-02-02},
  year = {2018},
  organization = {The Economist}
}

@misc{unwomen_2019_sdgs,
  author = {UN Women},
  month = {09},
  title = {SDGs under review in 2019: What progress for women? | UN Women Data Hub},
  url = {https://data.unwomen.org/features/sdgs-under-review-2019-what-progress-women},
  urldate = {2021-02-02},
  year = {2019},
  organization = {data.unwomen.org}
}

@misc{theeconomist_2017_wealth,
  author = {The Economist},
  month = {09},
  title = {Wealth alone cannot account for Europe’s low birth rates},
  url = {https://www.economist.com/graphic-detail/2017/09/06/wealth-alone-cannot-account-for-europes-low-birth-rates},
  urldate = {2021-02-02},
  year = {2017},
  organization = {The Economist}
}

@misc{theeconomist_2013_worth,
  author = {The Economist},
  month = {10},
  title = {Worth a thousand words},
  url = {https://www.economist.com/christmas-specials/2013/10/07/worth-a-thousand-words},
  urldate = {2021-02-02},
  year = {2013},
  organization = {The Economist}
}

@misc{theeconomist_2018_why,
  author = {The Economist},
  month = {05},
  title = {Why expensive weddings are a bad idea},
  url = {https://www.economist.com/graphic-detail/2018/05/19/why-expensive-weddings-are-a-bad-idea},
  urldate = {2021-02-02},
  year = {2018},
  organization = {The Economist}
}

@misc{theeconomist_2019_economic,
  author = {The Economist},
  month = {03},
  title = {Economic growth does not guarantee rising happiness},
  url = {https://www.economist.com/graphic-detail/2019/03/21/economic-growth-does-not-guarantee-rising-happiness},
  year = {2019},
  organization = {The Economist}
}

@misc{boeingcurrentmarketoutlook_2016_current,
  author = {Boeing Current Market Outlook},
  title = {Current Market Outlook 2016-2035},
  url = {https://www.boeing.com/resources/boeingdotcom/commercial/about-our-market/assets/downloads/cmo_print_2016_final_updated.pdf},
  urldate = {2021-02-02},
  year = {2016},
  organization = {Boeing CMO}
}

@misc{wikipedia_2021_eightthousander,
  author = {Wikipedia},
  month = {02},
  title = {Eight-thousander},
  url = {https://en.wikipedia.org/wiki/Eight-thousander},
  urldate = {2021-02-02},
  year = {2021},
  organization = {Wikipedia}
}

@misc{gmbh_2019_a,
  author = {GmbH, Datawrapper and Rost, Lisa Charlotte},
  month = {01},
  title = {A very complicated simple range plot},
  url = {https://blog.datawrapper.de/weekly-chart-range-plot-the-times-ryan-watts/},
  urldate = {2021-02-03},
  year = {2019},
  organization = {Chartable}
}

@misc{nasa_2019_global,
  author = {NASA},
  month = {02},
  publisher = {NASA},
  title = {Global surface temperature | NASA Global Climate Change},
  url = {https://climate.nasa.gov/vital-signs/global-temperature/},
  year = {2019},
  organization = {Climate Change: Vital Signs of the Planet}
}

@book{bryant_1995_practical,
  author = {Bryant, Peter G and Smith, Marlene A},
  publisher = {Richard D. Irwin},
  title = {Practical data analysis : case studies in business statistics, Volumes I and II},
  year = {1995}
}

@misc{wikipedia_2021_old,
  author = {Wikipedia},
  month = {01},
  title = {Old Faithful},
  url = {https://en.wikipedia.org/wiki/Old_Faithful#External_links},
  urldate = {2021-02-04},
  year = {2021},
  organization = {Wikipedia}
}

@misc{oakridgenationallaboratory_download,
  author = { Oak Ridge National Laboratory },
  publisher = {Oak Ridge National Laboratory for the U.S. Department of Energy and the U.S. Environmental Protection Agency},
  title = {Download Fuel Economy Data},
  url = {https://fueleconomy.gov/feg/download.shtml},
  urldate = {2021-02-04},
  organization = {fueleconomy.gov}
}

@misc{unitednations_2019_united,
  author = {United Nations},
  title = {UNITED NATIONS MEMBER STATES | Meetings Coverage and Press Releases},
  url = {https://www.un.org/press/en/2006/org1469.doc.htm},
  urldate = {2021-02-13},
  year = {2019},
  organization = {Un.org}
}

@book{unitednationsdevelopmentprogramme_2016_work,
  author = {United Nations Development Programme},
  publisher = {New York United Nations},
  title = {Work for Human Development},
  url = {http://hdr.undp.org/sites/default/files/2015_human_development_report.pdf},
  urldate = {2021-02-13},
  year = {2016}
}

@misc{theeconomist_2019_which,
  author = {The Economist},
  month = {08},
  title = {Which countries dominate the world’s dinner tables?},
  url = {https://www.economist.com/graphic-detail/2019/08/23/which-countries-dominate-the-worlds-dinner-tables},
  urldate = {2021-02-15},
  year = {2019},
  organization = {The Economist}
}

@article{guibourg_2019_climate,
  author = {Guibourg, Clara and Briggs, Helen},
  month = {02},
  title = {Climate change: Which vegan milk is best?},
  url = {https://www.bbc.com/news/science-environment-46654042},
  urldate = {2021-02-15},
  year = {2019},
  organization = {BBC News},
  journal = {BBC News}
}

@misc{ritchie_2020_you,
  author = {Ritchie, Hannah},
  month = {01},
  title = {You want to reduce the carbon footprint of your food? Focus on what you eat, not whether your food is local},
  url = {https://ourworldindata.org/food-choice-vs-eating-local},
  urldate = {2021-02-15},
  year = {2020},
  organization = {Our World in Data}
}

@book{women_2019_families,
  author = {Women, Un},
  publisher = {Un Women},
  title = {Families in a changing world  / UN Women.},
  url = {https://www.unwomen.org/-/media/headquarters/attachments/sections/library/publications/2019/progress-of-the-worlds-women-2019-2020-en.pdf?la=en&vs=3512},
  year = {2019}
}

@misc{governmentofcanada_2020_deaths,
  author = {Government of Canada, Statistics Canada},
  month = {11},
  title = {Deaths, by marital status},
  url = {https://www150.statcan.gc.ca/t1/tbl1/en/tv.action?pid=1310071101},
  urldate = {2021-02-18},
  year = {2020},
  organization = {www150.statcan.gc.ca}
}