@book{waldfogel_2019_dining,
  author = {Waldfogel, Joel and National Bureau Of Economic Research},
  publisher = {National Bureau Of Economic Research},
  title = {Dining out as cultural trade},
  year = {2019}
}

@misc{gmbh_2019_which,
  author = {GmbH, Datawrapper},
  month = {09},
  title = {Which milk has the smallest impact on the planet?},
  url = {https://blog.datawrapper.de/cow-milk-and-vegan-milk-alternatives/},
  year = {2019},
  organization = {Chartable}
}