@misc{roser_2013_employment,
  author = {Roser, Max},
  title = {Employment in Agriculture},
  url = {https://ourworldindata.org/employment-in-agriculture},
  year = {2013},
  organization = {Our World in Data}
}