@misc{governmentofcanada_2021_nonresident,
  author = {Government of Canada, Statistics Canada},
  month = {06},
  title = {Non-resident travellers entering Canada, by country of residence, seasonally adjusted},
  url = {https://www150.statcan.gc.ca/t1/tbl1/en/tv.action?pid=2410000601},
  urldate = {2021-07-19},
  year = {2021},
  organization = {www150.statcan.gc.ca}
}